@misc{ samsai,
       author = "Samsai",
       title = "Memory leaks are memory safe, and there isn't much to do about it",
       howpublished = "https://samsai.eu/post/memory-leaks-are-memory-safe/",
       year = 2020 }
@misc{ cpl,
       author = "Brian W. Kernighan, Dennis M. Ritchie",
       title = "The C Programming Language",
       year = 1978,
       pages = "83-84"}
@misc{ reg,
       author = "Fernando M. Q. Pereira, Jens P.",
       title = "Register Allocation via Coloring of Chordal Graphs",
       howpublished = "https://homepages.dcc.ufmg.br/~fernando/publications/papers/APLAS05.pdf",
       pages = 1}
@misc{ chaitin,
       author = "G J Chaitin",
       title = "Register Allocation and Spilling via graph Coloring",
       howpublished = "Symposium on Compiler Construction",
       pages = "98-105",
       year = 1982}
@misc{ julia,
       author = "Julia Robinson",
       title = "On the Hamiltoninan Game (A Traveling Salesman Problem)",
       howpublished = "Research Memorandum",
       pages = "2",
       year = 1949}
@misc{ dimitris,
       author = "Dimitris Bertsimas, John Tsitsiklis",
       title = "Simulated Annealing",
       howpublished = "Statistical Science",
       pages = "1",
       year = 1993}